% Section-specific bibliography for methods_clean.tex
% Generated from ref_final.bib
% Total entries: 16

@article{vahab2022physics,
  title={A physics-informed neural network approach to solution and identification of biharmonic equations of elasticity},
  author={Vahab, Mohammad and Haghighat, Ehsan and Khaleghi, Maryam and Khalili, Nasser},
  journal={Journal of Engineering Mechanics},
  volume={148},
  number={2},
  pages={04021139},
  year={2022},
  publisher={ASCE}
}

@article{kapoor2023physics,
  title={Physics-informed neural networks for solving forward and inverse problems in complex beam systems},
  author={Kapoor, Taniya and Wang, Hongrui and N{\'u}{\~n}ez, Alfredo and Dollevoet, Rolf},
  journal={arXiv preprint arXiv:2303.01055},
  year={2023}
}

@article{hu2024hutchinson,
  title={Hutchinson trace estimation for high-dimensional and high-order physics-informed neural networks},
  author={Hu, Zheyuan and Shi, Kenji and Shi, Hu and Lai, Zhongyi},
  journal={arXiv preprint arXiv:2312.14499},
  year={2024}
}

@article{brunton2024machine,
  title={Promising directions of machine learning for partial differential equations},
  author={Brunton, Steven L and Kutz, J Nathan},
  journal={Nature Computational Science},
  volume={4},
  number={7},
  pages={483--494},
  year={2024},
  publisher={Nature Publishing Group}
}

@article{wang2021understanding,
  title={Understanding and mitigating gradient flow pathologies in physics-informed neural networks},
  author={Wang, Sifan and Teng, Yujun and Perdikaris, Paris},
  journal={SIAM Journal on Scientific Computing},
  volume={43},
  number={5},
  pages={A3055--A3081},
  year={2021},
  publisher={SIAM}
}

@article{krishnapriyan2021characterizing,
  title={Characterizing possible failure modes in physics-informed neural networks},
  author={Krishnapriyan, Aditya and Gholami, Amir and Zhe, Shandian and Kirby, Robert and Mahoney, Michael W},
  journal={Advances in Neural Information Processing Systems},
  volume={34},
  pages={26548--26560},
  year={2021}
}

@book{han1999dynamics,
  title={Dynamics of transversely vibrating beams using four engineering theories},
  author={Han, S Mark and Benaroya, Haym and Wei, Timothy},
  year={1999},
  publisher={Academic Press}
}

@article{raissi2019physics,
  title={Physics-informed neural networks: A deep learning framework for solving forward and inverse problems involving nonlinear partial differential equations},
  author={Raissi, Maziar and Perdikaris, Paris and Karniadakis, George E},
  journal={Journal of Computational Physics},
  volume={378},
  pages={686--707},
  year={2019},
  publisher={Elsevier}
}

@article{wong2022learning,
  title={Learning in sinusoidal spaces with physics-informed neural networks},
  author={Wong, Jeremy C and Ooi, Chinchun and Gupta, Abhishek and Ong, Yew-Soon},
  journal={IEEE Transactions on Artificial Intelligence},
  volume={5},
  number={6},
  pages={2547--2557},
  year={2024}
}

@article{mcclenny2023self,
  title={Self-adaptive physics-informed neural networks},
  author={McClenny, Luke and Braga-Neto, Ulisses},
  journal={Journal of Computational Physics},
  volume={474},
  pages={111722},
  year={2023},
  publisher={Elsevier}
}

@article{mcclenny2020self,
  title={Self-adaptive physics-informed neural networks using a soft attention mechanism},
  author={McClenny, Levi and Braga-Neto, Ulisses},
  journal={arXiv preprint arXiv:2009.04544},
  year={2020}
}

@article{penwarden2023unified,
  title={A unified scalable framework for causal sweeping strategies for physics-informed neural networks (PINNs) and their temporal decompositions},
  author={Penwarden, M and Jagtap, AD and Zhe, S and Karniadakis, GE},
  journal={Journal of Computational Physics},
  volume={493},
  pages={112464},
  year={2023},
  publisher={Elsevier}
}

@inproceedings{kingma2014adam,
  title={Adam: A method for stochastic optimization},
  author={Kingma, Diederik P and Ba, Jimmy},
  booktitle={International Conference on Learning Representations},
  year={2015}
}

@article{liu1989limited,
  title={On the limited memory BFGS method for large scale optimization},
  author={Liu, Dong C and Nocedal, Jorge},
  journal={Mathematical programming},
  volume={45},
  number={1-3},
  pages={503--528},
  year={1989},
  publisher={Springer}
}

@article{jagtap2020conservative,
  title={Conservative physics-informed neural networks on discrete domains for conservation laws: Applications to forward and inverse problems},
  author={Jagtap, Ameya D and Kawaguchi, Kenji and Karniadakis, George Em},
  journal={Computer Methods in Applied Mechanics and Engineering},
  volume={365},
  pages={113028},
  year={2020},
  publisher={Elsevier}
}

@article{psaros2023uncertainty,
  title={Uncertainty quantification in scientific machine learning: Methods, metrics, and comparisons},
  author={Psaros, Apostolos F and Meng, Xuhui and Zou, Zongren and Guo, Ling and Karniadakis, George Em},
  journal={Journal of Computational Physics},
  volume={477},
  pages={111902},
  year={2023},
  publisher={Elsevier}
}

