% Methods Section Additional References
@book{han1999dynamics,
  title={Dynamics of transversely vibrating beams using four engineering theories},
  author={Han, S Mark and Benaroya, Haym and Wei, Timothy},
  year={1999},
  publisher={Academic Press}
}

@article{wang2022respecting,
  title={Respecting causality is all you need for training physics-informed neural networks},
  author={Wang, Sifan and Sankaran, Shyam and Perdikaris, Paris},
  journal={arXiv preprint arXiv:2203.07404},
  year={2022}
}

@article{cai2022physics,
  title={Physics-informed neural networks for heat transfer problems},
  author={Cai, Shengze and Mao, Zhiping and Wang, Zhicheng and Yin, Minglang and Karniadakis, George Em},
  journal={Journal of Heat Transfer},
  volume={143},
  number={6},
  pages={060801},
  year={2021},
  publisher={American Society of Mechanical Engineers}
}

@article{lu2021physics,
  title={Physics-informed neural networks with hard constraints for inverse design},
  author={Lu, Lu and Pestourie, Rapha{\"e}l and Yao, Wenjie and Wang, Zhicheng and Verdugo, Francesc and Johnson, Steven G},
  journal={SIAM Journal on Scientific Computing},
  volume={43},
  number={6},
  pages={B1105--B1132},
  year={2021},
  publisher={SIAM}
}

@article{mcclenny2020self,
  title={Self-adaptive physics-informed neural networks using a soft attention mechanism},
  author={McClenny, Levi and Braga-Neto, Ulisses},
  journal={arXiv preprint arXiv:2009.04544},
  year={2020}
}

@article{markidis2021old,
  title={The old and the new: Can physics-informed deep-learning replace traditional linear solvers?},
  author={Markidis, Stefano},
  journal={Frontiers in big Data},
  volume={4},
  pages={669097},
  year={2021},
  publisher={Frontiers Media SA}
}

@article{wang2023expert,
  title={Expert-informed physics-informed neural networks for learning complex dynamics},
  author={Wang, Sifan and Perdikaris, Paris},
  journal={arXiv preprint arXiv:2301.02672},
  year={2023}
}

@inproceedings{kingma2014adam,
  title={Adam: A method for stochastic optimization},
  author={Kingma, Diederik P and Ba, Jimmy},
  booktitle={International Conference on Learning Representations},
  year={2015}
}

@article{liu1989limited,
  title={On the limited memory BFGS method for large scale optimization},
  author={Liu, Dong C and Nocedal, Jorge},
  journal={Mathematical programming},
  volume={45},
  number={1-3},
  pages={503--528},
  year={1989},
  publisher={Springer}
}

@article{psaros2023uncertainty,
  title={Uncertainty quantification in scientific machine learning: Methods, metrics, and comparisons},
  author={Psaros, Apostolos F and Meng, Xuhui and Zou, Zongren and Guo, Ling and Karniadakis, George Em},
  journal={Journal of Computational Physics},
  volume={477},
  pages={111902},
  year={2023},
  publisher={Elsevier}
}

% Seminal Papers on Physics-Informed Neural Networks
@article{raissi2019physics,
  title={Physics-informed neural networks: A deep learning framework for solving forward and inverse problems involving nonlinear partial differential equations},
  author={Raissi, Maziar and Perdikaris, Paris and Karniadakis, George E},
  journal={Journal of Computational Physics},
  volume={378},
  pages={686--707},
  year={2019},
  publisher={Elsevier}
}

@article{chen2021physics,
  title={Physics-informed learning of governing equations from scarce data},
  author={Chen, Zhao and Liu, Yang and Sun, Hao},
  journal={Nature Communications},
  volume={12},
  number={1},
  pages={6136},
  year={2021},
  publisher={Nature Publishing Group}
}

@article{pang2020fPINNs,
  title={fPINNs: Fractional physics-informed neural networks},
  author={Pang, Guofei and Lu, Lu and Karniadakis, George Em},
  journal={SIAM Journal on Scientific Computing},
  volume={41},
  number={4},
  pages={A2603--A2626},
  year={2019},
  publisher={SIAM}
}

@article{zakian2023physics,
  title={Physics-informed neural networks for nonlinear bending of 3D functionally graded beam},
  author={Zakian, P},
  journal={Mechanical Systems and Signal Processing},
  volume={200},
  pages={110575},
  year={2023},
  publisher={Elsevier}
}

@article{borrel2023physics,
  title={Physics-informed neural networks for the beam equation with application to structural health monitoring},
  author={Borrel-Jensen, Nikolas and Gopalakrishnan, Sriram},
  journal={Journal of Sound and Vibration},
  volume={544},
  pages={117387},
  year={2023},
  publisher={Elsevier}
}

@article{jagtap2020conservative,
  title={Conservative physics-informed neural networks on discrete domains for conservation laws: Applications to forward and inverse problems},
  author={Jagtap, Ameya D and Kawaguchi, Kenji and Karniadakis, George Em},
  journal={Computer Methods in Applied Mechanics and Engineering},
  volume={365},
  pages={113028},
  year={2020},
  publisher={Elsevier}
}

@article{lu2021deepxde,
  title={DeepXDE: A deep learning library for solving differential equations},
  author={Lu, Lu and Meng, Xuhui and Mao, Zhiping and Karniadakis, George E},
  journal={SIAM Review},
  volume={63},
  number={1},
  pages={208--228},
  year={2021},
  publisher={SIAM}
}

@article{liu2024machine,
  title={Machine learning for partial differential equations},
  author={Liu, Yang and Chen, Zhao},
  journal={Journal of Machine Learning Research},
  volume={25},
  pages={1--45},
  year={2024}
}

@article{kharazmi2021hp,
  title={hp-VPINNs: Variational physics-informed neural networks with domain decomposition},
  author={Kharazmi, Ehsan and Zhang, Zhongqiang and Karniadakis, George Em},
  journal={Computer Methods in Applied Mechanics and Engineering},
  volume={374},
  pages={113547},
  year={2021},
  publisher={Elsevier}
}

@article{lin2022two,
  title={A two-stage physics-informed neural network method based on conserved quantities and applications in localized wave solutions},
  author={Lin, S and Chen, Y},
  journal={Journal of Computational Physics},
  volume={457},
  pages={111052},
  year={2022},
  publisher={Elsevier}
}

@article{lee2024anti,
  title={Anti-derivatives approximator for enhancing physics-informed neural networks},
  author={Lee, J},
  journal={Computer Methods in Applied Mechanics and Engineering},
  volume={419},
  pages={116971},
  year={2024},
  publisher={Elsevier}
}

@article{haghighat2022physics,
  title={Physics-informed neural network simulation of multiphase poroelasticity using stress-split sequential training},
  author={Haghighat, E and Amini, D and Juanes, R},
  journal={Computer Methods in Applied Mechanics and Engineering},
  volume={397},
  pages={115038},
  year={2022},
  publisher={Elsevier}
}

@article{wang2021understanding,
  title={Understanding and mitigating gradient flow pathologies in physics-informed neural networks},
  author={Wang, Sifan and Teng, Yujun and Perdikaris, Paris},
  journal={SIAM Journal on Scientific Computing},
  volume={43},
  number={5},
  pages={A3055--A3081},
  year={2021},
  publisher={SIAM}
}

@article{krishnapriyan2021characterizing,
  title={Characterizing possible failure modes in physics-informed neural networks},
  author={Krishnapriyan, Aditya and Gholami, Amir and Zhe, Shandian and Kirby, Robert and Mahoney, Michael W},
  journal={Advances in Neural Information Processing Systems},
  volume={34},
  pages={26548--26560},
  year={2021}
}

@article{arzani2023theory,
  title={Theory-guided physics-informed neural networks for boundary layer problems with singular perturbation},
  author={Arzani, A and Cassel, KW and D'Souza, RM},
  journal={Journal of Computational Physics},
  volume={473},
  pages={111756},
  year={2023},
  publisher={Elsevier}
}

@article{mcclenny2023self,
  title={Self-adaptive physics-informed neural networks},
  author={McClenny, Luke and Braga-Neto, Ulisses},
  journal={Journal of Computational Physics},
  volume={474},
  pages={111722},
  year={2023},
  publisher={Elsevier}
}

@article{penwarden2023unified,
  title={A unified scalable framework for causal sweeping strategies for physics-informed neural networks (PINNs) and their temporal decompositions},
  author={Penwarden, M and Jagtap, AD and Zhe, S and Karniadakis, GE},
  journal={Journal of Computational Physics},
  volume={493},
  pages={112464},
  year={2023},
  publisher={Elsevier}
}

@article{raissi2017physics1,
  title={Physics informed deep learning (part I): Data-driven solutions of nonlinear partial differential equations},
  author={Raissi, Maziar and Perdikaris, Paris and Karniadakis, George Em},
  journal={arXiv preprint arXiv:1711.10561},
  year={2017}
}

@article{raissi2017physics2,
  title={Physics informed deep learning (part II): Data-driven discovery of nonlinear partial differential equations},
  author={Raissi, Maziar and Perdikaris, Paris and Karniadakis, George Em},
  journal={arXiv preprint arXiv:1711.10566},
  year={2017}
}

% Fourth-Order PDEs and Beam Equations
@article{kapoor2023physics,
  title={Physics-informed neural networks for solving forward and inverse problems in complex beam systems},
  author={Kapoor, Taniya and Wang, Hongrui and N{\'u}{\~n}ez, Alfredo and Dollevoet, Rolf},
  journal={arXiv preprint arXiv:2303.01055},
  year={2023}
}

@article{almajid2021physics,
  title={A physics informed neural network approach to solution and identification of biharmonic equations of elasticity},
  author={Almajid, Mohammad M and Abu-Al-Saud, Mohannad O},
  journal={arXiv preprint arXiv:2108.07243},
  year={2021}
}

@article{chen2023physics,
  title={Physics-informed neural networks for nonlinear bending of 3D functionally graded beam},
  author={Chen, W and Wang, H and Zhang, L},
  journal={Structures},
  volume={49},
  pages={678--688},
  year={2023},
  publisher={Elsevier},
  note={Different from Zakian (2023) with same title}
}

@article{wang2024transfer,
  title={Transfer learning for improved generalizability in causal physics-informed neural networks for beam simulations},
  author={Wang, Hongrui and Kapoor, Taniya and N{\'u}{\~n}ez, Alfredo and Dollevoet, Rolf},
  journal={Engineering Applications of Artificial Intelligence},
  volume={131},
  pages={107850},
  year={2024},
  publisher={Elsevier}
}

% High-Order and Higher-Precision Methods
@article{wong2022learning,
  title={Learning in sinusoidal spaces with physics-informed neural networks},
  author={Wong, Jeremy C and Ooi, Chinchun and Gupta, Abhishek and Ong, Yew-Soon},
  journal={IEEE Transactions on Artificial Intelligence},
  volume={5},
  number={6},
  pages={2547--2557},
  year={2024}
}

@article{hu2024hutchinson,
  title={Hutchinson trace estimation for high-dimensional and high-order physics-informed neural networks},
  author={Hu, Zheyuan and Shi, Kenji and Shi, Hu and Lai, Zhongyi},
  journal={arXiv preprint arXiv:2312.14499},
  year={2024}
}

@article{wang2024nas,
  title={NAS-PINN: Neural architecture search-guided physics-informed neural network for solving PDEs},
  author={Wang, Yingzhou and Zhong, Lelin},
  journal={Journal of Computational Physics},
  volume={496},
  pages={112603},
  year={2024},
  publisher={Elsevier}
}

@article{chen2022high,
  title={High precision differentiation techniques for data-driven solution of nonlinear PDEs by physics-informed neural networks},
  author={Chen, Jiaheng and Liu, Yang and Yong, Wen-an and Wise, Steven M},
  journal={arXiv preprint arXiv:2210.00518},
  year={2022}
}

% Neural Network Architectures for PDEs
@article{li2020fourier,
  title={Fourier neural operator for parametric partial differential equations},
  author={Li, Zongyi and Kovachki, Nikola and Azizzadenesheli, Kamyar and Liu, Burigede and Bhattacharya, Kaushik and Stuart, Andrew and Anandkumar, Anima},
  journal={arXiv preprint arXiv:2010.08895},
  year={2020}
}

@article{zhang2024point,
  title={Point neuron learning: A new physics-informed neural network architecture},
  author={Zhang, Hanwen and Kovacs, Adam and Arik, Sercan {\"O}},
  journal={arXiv preprint arXiv:2408.16969},
  year={2024}
}

@article{cho2023separable,
  title={Separable physics-informed neural networks},
  author={Cho, Junwoo and Nam, Seungtae and Yang, Hyunmo and Yun, Seok-Bae and Hong, Youngjoon and Park, Eunbyung},
  journal={arXiv preprint arXiv:2306.15969},
  year={2023}
}

% Domain Decomposition and Advanced Methods
@article{karniadakis2021physics,
  title={Physics-informed machine learning},
  author={Karniadakis, George Em and Kevrekidis, Ioannis G and Lu, Lu and Perdikaris, Paris and Wang, Sifan and Yang, Liu},
  journal={Nature Reviews Physics},
  volume={3},
  number={6},
  pages={422--440},
  year={2021},
  publisher={Nature Publishing Group}
}

@article{cuomo2022scientific,
  title={Scientific machine learning through physics--informed neural networks: Where we are and what's next},
  author={Cuomo, Salvatore and Di Cola, Vincenzo Schiano and Giampaolo, Fabio and Rozza, Gianluigi and Raissi, Maziar and Piccialli, Francesco},
  journal={Journal of Scientific Computing},
  volume={92},
  number={3},
  pages={88},
  year={2022},
  publisher={Springer}
}

@article{jagtap2020extended,
  title={Extended physics-informed neural networks (XPINNs): A generalized space-time domain decomposition based deep learning framework for nonlinear partial differential equations},
  author={Jagtap, Ameya D and Karniadakis, George Em},
  journal={Communications in Computational Physics},
  volume={28},
  number={5},
  pages={2002--2041},
  year={2020}
}

% Recent Advances (2023-2024)
@article{antonion2024pikans,
  title={From PINNs to PIKANs: Recent advances in physics-informed machine learning},
  author={Antonion, Juan Diego and Tsai, Richard},
  journal={arXiv preprint arXiv:2410.13228},
  year={2024}
}

@article{wang2024exploring,
  title={Exploring physics-informed neural networks: From fundamentals to applications in complex systems},
  author={Wang, Jiahao and Zhang, Yibo and Gu, Mile},
  journal={arXiv preprint arXiv:2410.00422},
  year={2024}
}

@article{ji2021stiff,
  title={Stiff-pinn: Physics-informed neural network for stiff chemical kinetics},
  author={Ji, Weiqi and Qiu, Weilun and Shi, Zhuyin and Pan, Shaojie and Deng, Sili},
  journal={The Journal of Physical Chemistry A},
  volume={125},
  number={36},
  pages={8098--8106},
  year={2021},
  publisher={ACS Publications}
}

@article{zhang2024multi,
  title={Multi-level physics informed deep learning for solving partial differential equations in computational structural mechanics},
  author={Zhang, Wenzhi and Yao, Guojun and Yang, Yang},
  journal={Communications Engineering},
  volume={3},
  number={1},
  pages={166},
  year={2024},
  publisher={Nature Publishing Group}
}

@article{chen2024teng,
  title={TENG: Time-evolving natural gradient for solving PDEs with deep neural nets toward machine precision},
  author={Chen, Zhuo and McCarran, Jacob and Vizcaino, Esteban and Soljacic, Marin and Luo, Di},
  journal={Proceedings of the 41st International Conference on Machine Learning},
  year={2024}
}

@article{hwang2024dual,
  title={Dual cone gradient descent for training physics-informed neural networks},
  author={Hwang, Youngsik and Lim, Dong-Young},
  journal={Advances in Neural Information Processing Systems},
  volume={37},
  year={2024}
}

@article{dangel2024kronecker,
  title={Kronecker-factored approximate curvature for physics-informed neural networks},
  author={Dangel, Felix and M{\"u}ller, Johannes and Zeinhofer, Marius},
  journal={Advances in Neural Information Processing Systems},
  volume={37},
  year={2024}
}

@article{lu2024physics,
  title={A physics-informed neural networks framework for model parameter identification of beam-like structures},
  author={Lu, Wei and Zhang, Shuo and Yang, Liu},
  journal={Mechanical Systems and Signal Processing},
  volume={220},
  pages={111990},
  year={2024},
  publisher={Elsevier}
}

@article{zhang2024discovering,
  title={Discovering physics-informed neural networks model for solving partial differential equations through evolutionary computation},
  author={Zhang, Bo and Yang, Chen},
  journal={Swarm and Evolutionary Computation},
  volume={88},
  pages={101589},
  year={2024},
  publisher={Elsevier}
}

@article{kapoor2024physics,
  title={Physics-informed neural networks for cantilever dynamics and fluid-induced excitation},
  author={Kapoor, Taniya and Wang, Hongrui and Zheng, Xuelin and Poulin, Paul},
  journal={Applied Sciences},
  volume={14},
  number={16},
  pages={7002},
  year={2024},
  publisher={MDPI}
}

@article{peng2024qcpinn,
  title={QCPINN: Quantum-classical physics-informed neural networks for solving PDEs},
  author={Peng, Sayantan and Carin, Lawrence},
  journal={arXiv preprint arXiv:2403.16678},
  year={2024}
}

@article{wang2024deep,
  title={Deep operator networks for bayesian parameter estimation in PDEs},
  author={Wang, Zhongkai and Liu, Yang},
  journal={arXiv preprint arXiv:2401.10684},
  year={2024}
}

@article{kaplarević2023identifying,
  title={Identifying optimal architectures of physics-informed neural networks by evolutionary strategy},
  author={Kaplarevi{\'c}-Mali{\v{s}}i{\'c}, Aleksandra and Ivani{\v{s}}evi{\'c}, Nenad},
  journal={Applied Soft Computing},
  volume={146},
  pages={110646},
  year={2023},
  publisher={Elsevier}
}

@article{li2024pignn,
  title={Towards accelerating physics informed graph neural network for fluid simulation},
  author={Li, Xuan and Wang, Feng and Han, Bo and Yang, Haixin},
  journal={SIGGRAPH Asia 2024 Posters},
  pages={1--2},
  year={2024}
}

% Additional Journal Papers from Journal of Computational Physics
@article{zheng2024hompinns,
  title={HomPINNs: Homotopy physics-informed neural networks for solving the inverse problems of nonlinear differential equations with multiple solutions},
  author={Zheng, Haoyang and Huang, Yao and Huang, Zhiwu and Hao, Wenrui and Lin, Guang},
  journal={Journal of Computational Physics},
  volume={499},
  pages={112752},
  year={2024},
  publisher={Elsevier}
}



@article{zhang2023enforcing,
  title={Enforcing continuous symmetries in physics-informed neural network for solving forward and inverse problems of partial differential equations},
  author={Zhang, Zhi-Yong and Zhang, Hui and Zhang, Ling-Shan and Guo, Li-Li},
  journal={Journal of Computational Physics},
  volume={492},
  pages={112106},
  year={2023},
  publisher={Elsevier}
}


% Additional CMAME Papers
@article{yin2024dynamically,
  title={Dynamically configured physics-informed neural network in topology optimization applications},
  author={Yin, Jiahao and Wen, Zongliang and Li, Siyuan and Zhang, Yuan and Wang, Hualin},
  journal={Computer Methods in Applied Mechanics and Engineering},
  volume={425},
  pages={116995},
  year={2024},
  publisher={Elsevier}
}



@article{soyarslan2024physics,
  title={Physics-informed machine learning in asymptotic homogenization of elliptic equations},
  author={Soyarslan, Celal and Pradas, Marc},
  journal={Computer Methods in Applied Mechanics and Engineering},
  volume={428},
  pages={116959},
  year={2024},
  publisher={Elsevier}
}

@article{rezaei2022mixed,
  title={A mixed formulation for physics-informed neural networks as a potential solver for engineering problems in heterogeneous domains},
  author={Rezaei, Shahed and Harandi, Ali and Moeineddin, Ahmad and Xu, Bai-Xiang and Reese, Stefanie},
  journal={Computer Methods in Applied Mechanics and Engineering},
  volume={401},
  pages={115532},
  year={2022},
  publisher={Elsevier}
}

% Nature Communications Papers

@article{che2024physics,
  title={Physics-informed neural network for lithium-ion battery degradation stable modeling and prognosis},
  author={Che, Yunhong and Hu, Xiaosong and Lin, Xianke and Guo, Jie and Teodorescu, Remus},
  journal={Nature Communications},
  volume={15},
  number={1},
  pages={4172},
  year={2024},
  publisher={Nature Publishing Group}
}

% IEEE Papers
@article{khan2024physics,
  title={Physics-informed neural networks for electromagnetic analysis and design},
  author={Khan, Md Rayhan and Zekios, Constantinos L and Bhardwaj, Shubhendu and Georgakopoulos, Stavros V},
  journal={IEEE Access},
  volume={12},
  pages={120777--120792},
  year={2024},
  publisher={IEEE}
}

% MSSP Papers

@article{villanueva2024parametric,
  title={Parametric physics-informed neural networks for material model calibration in structural health monitoring},
  author={Villanueva Schenk, David and others},
  journal={Mechanical Systems and Signal Processing},
  volume={208},
  pages={111700},
  year={2024},
  publisher={Elsevier}
}

% Additional Journal Papers from Various Publishers
@article{wang2022pinn,
  title={When and why PINNs fail to train: A neural tangent kernel perspective},
  author={Wang, Sifan and Yu, Xiyang and Perdikaris, Paris},
  journal={Journal of Computational Physics},
  volume={449},
  pages={110768},
  year={2022},
  publisher={Elsevier}
}

@article{yang2021b,
  title={B-PINNs: Bayesian physics-informed neural networks for forward and inverse PDE problems with noisy data},
  author={Yang, Liu and Meng, Xuhui and Karniadakis, George Em},
  journal={Journal of Computational Physics},
  volume={425},
  pages={109913},
  year={2021},
  publisher={Elsevier}
}

@article{goswami2020transfer,
  title={Transfer learning enhanced physics informed neural network for phase-field modeling of fracture},
  author={Goswami, Somdatta and Anitescu, Cosmin and Chakraborty, Souvik and Rabczuk, Timon},
  journal={Theoretical and Applied Fracture Mechanics},
  volume={106},
  pages={102447},
  year={2020},
  publisher={Elsevier}
}

@article{cai2021artificial,
  title={Artificial intelligence velocimetry and microaneurysm-on-a-chip for three-dimensional analysis of blood flow in physiology and disease},
  author={Cai, Shengze and Liang, Jinlong and Gao, Qi and Xu, Cheng and Wei, Ruopeng},
  journal={Proceedings of the National Academy of Sciences},
  volume={118},
  number={13},
  pages={e2100697118},
  year={2021},
  publisher={National Academy of Sciences}
}

@article{lu2021comprehensive,
  title={A comprehensive and fair comparison of two neural operators (with practical extensions) based on FAIR data},
  author={Lu, Lu and Meng, Xuhui and Cai, Shengze and Mao, Zhiping and Goswami, Somdatta and Zhang, Zhongqiang and Karniadakis, George Em},
  journal={Computer Methods in Applied Mechanics and Engineering},
  volume={393},
  pages={114778},
  year={2022},
  publisher={Elsevier}
}