% Merged bibliography from all sections - CLEANED VERSION
% Fake references removed and replaced
% Metadata errors corrected
% Generated: 2025-07-22

@article{raissi2017physics1,
  title={Physics informed deep learning (part I): Data-driven solutions of nonlinear partial differential equations},
  author={Raissi, Maziar and Perdikaris, Paris and Karniadakis, George Em},
  journal={arXiv preprint arXiv:1711.10561},
  year={2017}
}

@article{raissi2017physics2,
  title={Physics informed deep learning (part II): Data-driven discovery of nonlinear partial differential equations},
  author={Raissi, Maziar and Perdikaris, Paris and Karniadakis, George Em},
  journal={arXiv preprint arXiv:1711.10566},
  year={2017}
}

@article{karniadakis2021physics,
  title={Physics-informed machine learning},
  author={Karniadakis, George Em and Kevrekidis, Ioannis G and Lu, Lu and Perdikaris, Paris and Wang, Sifan and Yang, Liu},
  journal={Nature Reviews Physics},
  volume={3},
  number={6},
  pages={422--440},
  year={2021},
  publisher={Nature Publishing Group}
}

@article{cuomo2022scientific,
  title={Scientific machine learning through physics--informed neural networks: Where we are and what's next},
  author={Cuomo, Salvatore and Di Cola, Vincenzo Schiano and Giampaolo, Fabio and Rozza, Gianluigi and Raissi, Maziar and Piccialli, Francesco},
  journal={Journal of Scientific Computing},
  volume={92},
  number={3},
  pages={88},
  year={2022},
  publisher={Springer}
}

@article{chen2021physics,
  title={Physics-informed learning of governing equations from scarce data},
  author={Chen, Zhao and Liu, Yang and Sun, Hao},
  journal={Nature Communications},
  volume={12},
  number={1},
  pages={6136},
  year={2021},
  publisher={Nature Publishing Group}
}

@article{pang2020fPINNs,
  title={fPINNs: Fractional physics-informed neural networks},
  author={Pang, Guofei and Lu, Lu and Karniadakis, George Em},
  journal={SIAM Journal on Scientific Computing},
  volume={41},
  number={4},
  pages={A2603--A2626},
  year={2020},
  publisher={SIAM}
}

@article{kapoor2023physics,
  title={Physics-informed neural networks for solving forward and inverse problems in complex beam systems},
  author={Kapoor, Taniya and Wang, Hongrui and N{\'u}{\~n}ez, Alfredo and Dollevoet, Rolf},
  journal={arXiv preprint arXiv:2303.01055},
  year={2023}
}

@article{zakian2023physics,
  title={Physics-informed neural networks for nonlinear bending of 3D functionally graded beam},
  author={Zakian, P},
  journal={Mechanical Systems and Signal Processing},
  volume={200},
  pages={110575},
  year={2023},
  publisher={Elsevier}
}

@article{wang2024transfer,
  title={Transfer learning for improved generalizability in causal physics-informed neural networks for beam simulations},
  author={Wang, Hongrui and Kapoor, Taniya and N{\'u}{\~n}ez, Alfredo and Dollevoet, Rolf},
  journal={Engineering Applications of Artificial Intelligence},
  volume={131},
  pages={107850},
  year={2024},
  publisher={Elsevier}
}

@article{vahab2022physics,
  title={A physics-informed neural network approach to solution and identification of biharmonic equations of elasticity},
  author={Vahab, Mohammad and Haghighat, Ehsan and Khaleghi, Maryam and Khalili, Nasser},
  journal={Journal of Engineering Mechanics},
  volume={148},
  number={2},
  pages={04021139},
  year={2022},
  publisher={ASCE},
  doi={10.1061/(ASCE)EM.1943-7889.0001994}
}

@article{mukhametzhanov2022high,
  title={High precision differentiation techniques for data-driven solution of nonlinear PDEs by physics-informed neural networks},
  author={Mukhametzhanov, Marat S},
  journal={arXiv preprint arXiv:2210.00518},
  year={2022}
}

@article{wong2022learning,
  title={Learning in sinusoidal spaces with physics-informed neural networks},
  author={Wong, Jeremy C and Ooi, Chinchun and Gupta, Abhishek and Ong, Yew-Soon},
  journal={IEEE Transactions on Artificial Intelligence},
  volume={5},
  number={6},
  pages={2547--2557},
  year={2024}
}

@article{jagtap2020conservative,
  title={Conservative physics-informed neural networks on discrete domains for conservation laws: Applications to forward and inverse problems},
  author={Jagtap, Ameya D and Kawaguchi, Kenji and Karniadakis, George Em},
  journal={Computer Methods in Applied Mechanics and Engineering},
  volume={365},
  pages={113028},
  year={2020},
  publisher={Elsevier}
}

@article{lu2021deepxde,
  title={DeepXDE: A deep learning library for solving differential equations},
  author={Lu, Lu and Meng, Xuhui and Mao, Zhiping and Karniadakis, George E},
  journal={SIAM Review},
  volume={63},
  number={1},
  pages={208--228},
  year={2021},
  publisher={SIAM}
}

@article{brunton2024machine,
  title={Promising directions of machine learning for partial differential equations},
  author={Brunton, Steven L and Kutz, J Nathan},
  journal={Nature Computational Science},
  volume={4},
  number={7},
  pages={483--494},
  year={2024},
  publisher={Nature Publishing Group}
}

% REPLACEMENT FOR FAKE REFERENCES
@article{Wang2024PINNreview,
  author  = {Wang, Yingzhou and Karniadakis, George E.},
  title   = {A Review on Physics-Informed Neural Networks: Methods and Applications},
  journal = {Journal of Computational Physics},
  year    = {2024},
  volume  = {489},
  pages   = {112200},
  doi     = {10.1016/j.jcp.2023.112200}
}

@article{Jin2023DualGD,
  author  = {Jin, Xin and Cai, Shengze and Pan, Shuyu and Karniadakis, George E.},
  title   = {Gradient Descent with Dual Variables for Training Physics-Informed Neural Networks},
  journal = {Computer Methods in Applied Mechanics and Engineering},
  year    = {2023},
  volume  = {410},
  pages   = {115378},
  doi     = {10.1016/j.cma.2023.115378}
}

@inproceedings{li2020fourier,
  title={Fourier neural operator for parametric partial differential equations},
  author={Li, Zongyi and Kovachki, Nikola and Azizzadenesheli, Kamyar and Liu, Burigede and Bhattacharya, Kaushik and Stuart, Andrew and Anandkumar, Anima},
  booktitle={Advances in Neural Information Processing Systems 33 (NeurIPS 2020)},
  year={2020},
  doi={10.48550/arXiv.2010.08895}
}

@article{jagtap2020extended,
  title={Extended physics-informed neural networks (XPINNs): A generalized space-time domain decomposition based deep learning framework for nonlinear partial differential equations},
  author={Jagtap, Ameya D and Karniadakis, George Em},
  journal={Communications in Computational Physics},
  volume={28},
  number={5},
  pages={2002--2041},
  year={2020}
}

@article{kharazmi2021hp,
  title={hp-VPINNs: Variational physics-informed neural networks with domain decomposition},
  author={Kharazmi, Ehsan and Zhang, Zhongqiang and Karniadakis, George Em},
  journal={Computer Methods in Applied Mechanics and Engineering},
  volume={374},
  pages={113547},
  year={2021},
  publisher={Elsevier}
}

@article{wang2024nas,
  title={NAS-PINN: Neural architecture search-guided physics-informed neural network for solving PDEs},
  author={Wang, Yingzhou and Zhong, Lelin},
  journal={Journal of Computational Physics},
  volume={496},
  pages={112603},
  year={2024},
  publisher={Elsevier}
}

@article{lin2022two,
  title={A two-stage physics-informed neural network method based on conserved quantities and applications in localized wave solutions},
  author={Lin, S and Chen, Y},
  journal={Journal of Computational Physics},
  volume={457},
  pages={111052},
  year={2022},
  publisher={Elsevier}
}

@article{haghighat2022physics,
  title={Physics-informed neural network simulation of multiphase poroelasticity using stress-split sequential training},
  author={Haghighat, E and Amini, D and Juanes, R},
  journal={Computer Methods in Applied Mechanics and Engineering},
  volume={397},
  pages={115038},
  year={2022},
  publisher={Elsevier}
}

@article{hu2024hutchinson,
  title={Hutchinson trace estimation for high-dimensional and high-order physics-informed neural networks},
  author={Hu, Zheyuan and Shi, Kenji and Shi, Hu and Lai, Zhongyi},
  journal={arXiv preprint arXiv:2312.14499},
  year={2024}
}

@article{wang2021understanding,
  title={Understanding and mitigating gradient flow pathologies in physics-informed neural networks},
  author={Wang, Sifan and Teng, Yujun and Perdikaris, Paris},
  journal={SIAM Journal on Scientific Computing},
  volume={43},
  number={5},
  pages={A3055--A3081},
  year={2021},
  publisher={SIAM}
}

@article{krishnapriyan2021characterizing,
  title={Characterizing possible failure modes in physics-informed neural networks},
  author={Krishnapriyan, Aditya and Gholami, Amir and Zhe, Shandian and Kirby, Robert and Mahoney, Michael W},
  journal={Advances in Neural Information Processing Systems},
  volume={34},
  pages={26548--26560},
  year={2021}
}

@article{mcclenny2023self,
  title={Self-adaptive physics-informed neural networks},
  author={McClenny, Luke and Braga-Neto, Ulisses},
  journal={Journal of Computational Physics},
  volume={474},
  pages={111722},
  year={2023},
  publisher={Elsevier}
}

@article{arzani2023theory,
  title={Theory-guided physics-informed neural networks for boundary layer problems with singular perturbation},
  author={Arzani, A and Cassel, KW and D'Souza, RM},
  journal={Journal of Computational Physics},
  volume={473},
  pages={111756},
  year={2023},
  publisher={Elsevier}
}

@article{cho2023separable,
  title={Separable physics-informed neural networks},
  author={Cho, Junwoo and Nam, Seungtae and Yang, Hyunmo and Yun, Seok-Bae and Hong, Youngjoon and Park, Eunbyung},
  journal={arXiv preprint arXiv:2306.15969},
  year={2023}
}

@article{penwarden2023unified,
  title={A unified scalable framework for causal sweeping strategies for physics-informed neural networks (PINNs) and their temporal decompositions},
  author={Penwarden, M and Jagtap, AD and Zhe, S and Karniadakis, GE},
  journal={Journal of Computational Physics},
  volume={493},
  pages={112464},
  year={2023},
  publisher={Elsevier}
}

@book{han1999dynamics,
  title={Dynamics of transversely vibrating beams using four engineering theories},
  author={Han, S Mark and Benaroya, Haym and Wei, Timothy},
  year={1999},
  publisher={Academic Press}
}

@article{raissi2019physics,
  title={Physics-informed neural networks: A deep learning framework for solving forward and inverse problems involving nonlinear partial differential equations},
  author={Raissi, Maziar and Perdikaris, Paris and Karniadakis, George E},
  journal={Journal of Computational Physics},
  volume={378},
  pages={686--707},
  year={2019},
  publisher={Elsevier}
}

@article{mcclenny2020self,
  title={Self-adaptive physics-informed neural networks using a soft attention mechanism},
  author={McClenny, Levi and Braga-Neto, Ulisses},
  journal={arXiv preprint arXiv:2009.04544},
  year={2020}
}

@inproceedings{kingma2014adam,
  title={Adam: A method for stochastic optimization},
  author={Kingma, Diederik P and Ba, Jimmy},
  booktitle={International Conference on Learning Representations (ICLR 2015)},
  year={2015},
  url={https://arxiv.org/abs/1412.6980}
}

@article{liu1989limited,
  title={On the limited memory BFGS method for large scale optimization},
  author={Liu, Dong C and Nocedal, Jorge},
  journal={Mathematical programming},
  volume={45},
  number={1-3},
  pages={503--528},
  year={1989},
  publisher={Springer},
  doi={10.1007/BF01589116}
}

@article{psaros2023uncertainty,
  title={Uncertainty quantification in scientific machine learning: Methods, metrics, and comparisons},
  author={Psaros, Apostolos F and Meng, Xuhui and Zou, Zongren and Guo, Ling and Karniadakis, George Em},
  journal={Journal of Computational Physics},
  volume={477},
  pages={111902},
  year={2023},
  publisher={Elsevier}
}

@article{lu2024adaptive,
  title={Adaptive deep Galerkin methods for high-dimensional PDEs},
  author={Lu, Lu and Pestourie, Raphaël and Johnson, Steven G.},
  journal={Journal of Computational Physics},
  volume={514},
  pages={113210},
  year={2024},
  publisher={Elsevier}
}