% Section-specific bibliography for resultsAndDiscussions.tex
% Generated from ref.bib
% Total entries: 2

@article{raissi2019physics,
  title={Physics-informed neural networks: A deep learning framework for solving forward and inverse problems involving nonlinear partial differential equations},
  author={Raissi, Maziar and Perdikaris, Paris and Karniadakis, George E},
  journal={Journal of Computational Physics},
  volume={378},
  pages={686--707},
  year={2019},
  publisher={Elsevier}
}

@article{hwang2024dual,
  title={Dual cone gradient descent for training physics-informed neural networks},
  author={Hwang, Youngsik and Lim, Dong-Young},
  journal={Advances in Neural Information Processing Systems},
  volume={37},
  year={2024}
}

