% Properly merged bibliography with all metadata preserved
% Total entries: 43
% Generated from: introduction_refs_v3.bib, methods_refs_v11.bib, resultsAndDiscussions_refs_v2.bib, conclusions_refs_v4.bib, ref_final.bib

@article{raissi2019physics,
  title={Physics-informed neural networks: A deep learning framework for solving forward and inverse problems involving nonlinear partial differential equations},
  author={Raissi, Maziar and Perdikaris, Paris and Karniadakis, George E},
  journal={Journal of Computational Physics},
  volume={378},
  pages={686--707},
  year={2019},
  publisher={Elsevier},
  doi={10.1016/j.jcp.2018.10.045}
}

@article{raissi2017physics2,
  title={Physics informed deep learning (part II): Data-driven discovery of nonlinear partial differential equations},
  author={Raissi, Maziar and Perdikaris, Paris and Karniadakis, George Em},
  journal={arXiv preprint arXiv:1711.10566},
  year={2017}
}

@article{karniadakis2021physics,
  title={Physics-informed machine learning},
  author={Karniadakis, George Em and Kevrekidis, Ioannis G and Lu, Lu and Perdikaris, Paris and Wang, Sifan and Yang, Liu},
  journal={Nature Reviews Physics},
  volume={3},
  number={6},
  pages={422--440},
  year={2021},
  publisher={Nature Publishing Group},
  doi={10.1038/s42254-021-00314-5}
}

@article{cuomo2022scientific,
  title={Scientific machine learning through physics--informed neural networks: Where we are and what's next},
  author={Cuomo, Salvatore and Di Cola, Vincenzo Schiano and Giampaolo, Fabio and Rozza, Gianluigi and Raissi, Maziar and Piccialli, Francesco},
  journal={Journal of Scientific Computing},
  volume={92},
  number={3},
  pages={88},
  year={2022},
  publisher={Springer},
  doi={10.1007/s10915-022-01939-z}
}

@article{chen2021physics,
  title={Physics-informed learning of governing equations from scarce data},
  author={Chen, Zhao and Liu, Yang and Sun, Hao},
  journal={Nature Communications},
  volume={12},
  number={1},
  pages={6136},
  year={2021},
  publisher={Nature Publishing Group},
  doi={10.1038/s41467-021-26434-1}
}

@article{pang2020fPINNs,
  title={fPINNs: Fractional physics-informed neural networks},
  author={Pang, Guofei and Lu, Lu and Karniadakis, George Em},
  journal={SIAM Journal on Scientific Computing},
  volume={41},
  number={4},
  pages={A2603--A2626},
  year={2019},
  publisher={SIAM},
  doi={10.1137/18M1229845}
}

@article{kapoor2023physics,
  title={Physics-informed neural networks for solving forward and inverse problems in complex beam systems},
  author={Kapoor, Taniya and Wang, Hongrui and N{\'u}{\~n}ez, Alfredo and Dollevoet, Rolf},
  journal={IEEE Transactions on Neural Networks and Learning Systems},
  year={2023},
  publisher={IEEE},
  doi={10.1109/TNNLS.2023.3310585}
}

@article{luo2023cable,
  title={Cable vibration measurement based on broad-band phase-based motion magnification and line tracking algorithm},
  author={Luo, Kui and Kong, Xuan and Wang, Xiuyan and Jiang, Tengjiao and Fr{\o}seth, Gunnstein T. and R{\o}nnquist, Anders},
  journal={Mechanical Systems and Signal Processing},
  volume={200},
  pages={110575},
  year={2023},
  publisher={Elsevier},
  doi={10.1016/j.ymssp.2023.110575}
}

@article{kapoor2024transfer,
  title={Transfer learning for improved generalizability in causal physics-informed neural networks for beam simulations},
  author={Kapoor, Taniya and Wang, Hongrui and N{\'u}{\~n}ez, Alfredo and Dollevoet, Rolf},
  journal={Engineering Applications of Artificial Intelligence},
  volume={133},
  pages={108085},
  year={2024},
  publisher={Elsevier},
  doi={10.1016/j.engappai.2024.108085}
}

@article{vahab2022physics,
  title={A physics-informed neural network approach to solution and identification of biharmonic equations of elasticity},
  author={Vahab, Mohammad and Haghighat, Ehsan and Khaleghi, Maryam and Khalili, Nasser},
  journal={Journal of Engineering Mechanics},
  volume={148},
  number={2},
  pages={04021139},
  year={2022},
  publisher={ASCE},
  doi={10.1061/(ASCE)EM.1943-7889.0002062}
}

@article{mukhametzhanov2022high,
  title={High precision differentiation techniques for data-driven solution of nonlinear PDEs by physics-informed neural networks},
  author={Mukhametzhanov, Marat S},
  journal={arXiv preprint arXiv:2210.00518},
  year={2022}
}

@article{wong2022learning,
  title={Learning in sinusoidal spaces with physics-informed neural networks},
  author={Wong, Jeremy C and Ooi, Chinchun and Gupta, Abhishek and Ong, Yew-Soon},
  journal={IEEE Transactions on Artificial Intelligence},
  volume={5},
  number={6},
  pages={2547--2557},
  year={2024},
  doi={10.1109/TAI.2022.3192362}
}

@article{jagtap2020conservative,
  title={Conservative physics-informed neural networks on discrete domains for conservation laws: Applications to forward and inverse problems},
  author={Jagtap, Ameya D and Kawaguchi, Kenji and Karniadakis, George Em},
  journal={Computer Methods in Applied Mechanics and Engineering},
  volume={365},
  pages={113028},
  year={2020},
  publisher={Elsevier},
  doi={10.1016/j.cma.2020.113028}
}

@article{lu2021deepxde,
  title={DeepXDE: A deep learning library for solving differential equations},
  author={Lu, Lu and Meng, Xuhui and Mao, Zhiping and Karniadakis, George E},
  journal={SIAM Review},
  volume={63},
  number={1},
  pages={208--228},
  year={2021},
  publisher={SIAM},
  doi={10.1137/19M1274067}
}

@article{brunton2024machine,
  title={Promising directions of machine learning for partial differential equations},
  author={Brunton, Steven L and Kutz, J Nathan},
  journal={Nature Computational Science},
  volume={4},
  number={7},
  pages={483--494},
  year={2024},
  publisher={Nature Publishing Group},
  doi={10.1038/s43588-024-00643-2}
}

@article{zhao2024comprehensive,
  title={A comprehensive review of advances in physics-informed neural networks and their applications in complex fluid dynamics},
  author={Zhao, Chi and Zhang, Feifei and Lou, Wenqiang and Wang, Xi and Yang, Jianyong},
  journal={Physics of Fluids},
  volume={36},
  number={10},
  pages={101301},
  year={2024},
  publisher={AIP Publishing},
  doi={10.1063/5.0226562}
}

@article{li2021fourier,
  title={Fourier neural operator for parametric partial differential equations},
  author={Li, Zongyi and Kovachki, Nikola and Azizzadenesheli, Kamyar and Liu, Burigede and Bhattacharya, Kaushik and Stuart, Andrew and Anandkumar, Anima},
  journal={arXiv preprint arXiv:2010.08895},
  year={2021},
  doi={10.48550/arXiv.2010.08895}
}

@article{jagtap2020extended,
  title={Extended physics-informed neural networks (XPINNs): A generalized space-time domain decomposition based deep learning framework for nonlinear partial differential equations},
  author={Jagtap, Ameya D and Karniadakis, George Em},
  journal={Communications in Computational Physics},
  volume={28},
  number={5},
  pages={2002--2041},
  year={2020},
  doi={10.4208/cicp.OA-2020-0164}
}

@article{kharazmi2021hp,
  title={hp-VPINNs: Variational physics-informed neural networks with domain decomposition},
  author={Kharazmi, Ehsan and Zhang, Zhongqiang and Karniadakis, George Em},
  journal={Computer Methods in Applied Mechanics and Engineering},
  volume={374},
  pages={113547},
  year={2021},
  publisher={Elsevier},
  doi={10.1016/j.cma.2020.113547}
}

@article{wang2024nas,
  title={NAS-PINN: Neural architecture search-guided physics-informed neural network for solving PDEs},
  author={Wang, Yingzhou and Zhong, Lelin},
  journal={Journal of Computational Physics},
  volume={496},
  pages={112603},
  year={2024},
  publisher={Elsevier},
  doi={10.1016/j.jcp.2023.112603}
}

@article{hwang2024dual,
  title={Dual cone gradient descent for training physics-informed neural networks},
  author={Hwang, Youngsik and Lim, Dong-Young},
  journal={arXiv preprint arXiv:2409.18426},
  year={2024},
  doi={10.48550/arXiv.2409.18426}
}

@article{lin2022two,
  title={A two-stage physics-informed neural network method based on conserved quantities and applications in localized wave solutions},
  author={Lin, Shuning and Chen, Yong},
  journal={Journal of Computational Physics},
  volume={457},
  pages={111053},
  year={2022},
  publisher={Elsevier},
  doi={10.1016/j.jcp.2022.111053}
}

@article{sirignano2018dgm,
  title={DGM: A deep learning algorithm for solving partial differential equations},
  author={Sirignano, Justin and Spiliopoulos, Konstantinos},
  journal={Journal of Computational Physics},
  volume={375},
  pages={1339--1364},
  year={2018},
  publisher={Elsevier},
  doi={10.1016/j.jcp.2018.08.029}
}

@article{haghighat2022physics,
  title={Physics-informed neural network simulation of multiphase poroelasticity using stress-split sequential training},
  author={Haghighat, Ehsan and Amini, Danial and Juanes, Ruben},
  journal={Computer Methods in Applied Mechanics and Engineering},
  volume={397},
  pages={115141},
  year={2022},
  publisher={Elsevier},
  doi={10.1016/j.cma.2022.115141}
}

@article{hu2024hutchinson,
  title={Hutchinson trace estimation for high-dimensional and high-order physics-informed neural networks},
  author={Hu, Zheyuan and Shi, Zekun and Karniadakis, George Em and Kawaguchi, Kenji},
  journal={Computer Methods in Applied Mechanics and Engineering},
  volume={424},
  pages={116883},
  year={2024},
  publisher={Elsevier},
  doi={10.1016/j.cma.2024.116883}
}

@article{wang2021understanding,
  title={Understanding and mitigating gradient flow pathologies in physics-informed neural networks},
  author={Wang, Sifan and Teng, Yujun and Perdikaris, Paris},
  journal={SIAM Journal on Scientific Computing},
  volume={43},
  number={5},
  pages={A3055--A3081},
  year={2021},
  publisher={SIAM},
  doi={10.1137/20M1318043}
}

@article{krishnapriyan2021characterizing,
  title={Characterizing possible failure modes in physics-informed neural networks},
  author={Krishnapriyan, Aditi S. and Gholami, Amir and Zhe, Shandian and Kirby, Robert M. and Mahoney, Michael W.},
  journal={arXiv preprint arXiv:2109.01050},
  year={2021},
  doi={10.48550/arXiv.2109.01050}
}

@article{mcclenny2023self,
  title={Self-adaptive physics-informed neural networks},
  author={McClenny, Luke and Braga-Neto, Ulisses},
  journal={Journal of Computational Physics},
  volume={474},
  pages={111722},
  year={2023},
  publisher={Elsevier},
  doi={10.1016/j.jcp.2022.111722}
}

@article{arzani2023theory,
  title={Theory-guided physics-informed neural networks for boundary layer problems with singular perturbation},
  author={Arzani, Amirhossein and Cassel, Kevin W. and D'Souza, Roshan M.},
  journal={Journal of Computational Physics},
  volume={473},
  pages={111768},
  year={2023},
  publisher={Elsevier},
  doi={10.1016/j.jcp.2022.111768}
}

@article{cho2024separable,
  title={Separable physics-informed neural networks},
  author={Cho, Junwoo and Nam, Seungtae and Yang, Hyunmo and Yun, Seok-Bae and Hong, Youngjoon and Park, Eunbyung},
  journal={arXiv preprint arXiv:2306.15969},
  year={2023},
  doi={10.48550/arXiv.2306.15969}
}

@article{penwarden2023unified,
  title={A unified scalable framework for causal sweeping strategies for physics-informed neural networks (PINNs) and their temporal decompositions},
  author={Penwarden, Michael and Jagtap, Ameya D. and Zhe, Shandian and Karniadakis, George Em and Kirby, Robert M.},
  journal={Journal of Computational Physics},
  volume={493},
  pages={112464},
  year={2023},
  publisher={Elsevier},
  doi={10.1016/j.jcp.2023.112464}
}

@article{han1999dynamics,
  title={Dynamics of transversely vibrating beams using four engineering theories},
  author={Han, S Mark and Benaroya, Haym and Wei, Timothy},
  journal={Journal of Sound and Vibration},
  volume={225},
  number={5},
  pages={935--988},
  year={1999},
  publisher={Academic Press},
  doi={10.1006/jsvi.1999.2257}
}

@article{mcclenny2020self,
  title={Self-adaptive physics-informed neural networks using a soft attention mechanism},
  author={McClenny, Levi and Braga-Neto, Ulisses},
  journal={arXiv preprint arXiv:2009.04544},
  year={2020}
}

@inproceedings{kingma2014adam,
  title={Adam: A method for stochastic optimization},
  author={Kingma, Diederik P and Ba, Jimmy},
  booktitle={3rd International Conference on Learning Representations, ICLR 2015},
  address={San Diego, CA, USA},
  year={2015},
  month={May},
  url={http://arxiv.org/abs/1412.6980}
}

@article{liu1989limited,
  title={On the limited memory BFGS method for large scale optimization},
  author={Liu, Dong C and Nocedal, Jorge},
  journal={Mathematical programming},
  volume={45},
  number={1-3},
  pages={503--528},
  year={1989},
  publisher={Springer}
}

@article{psaros2023uncertainty,
  title={Uncertainty quantification in scientific machine learning: Methods, metrics, and comparisons},
  author={Psaros, Apostolos F and Meng, Xuhui and Zou, Zongren and Guo, Ling and Karniadakis, George Em},
  journal={Journal of Computational Physics},
  volume={477},
  pages={111902},
  year={2023},
  publisher={Elsevier}
}

@misc{wang2024aipdereview,
  title={Artificial intelligence for partial differential equations in computational mechanics: A review},
  author={Wang, Yizheng and Bai, Jinshuai and Lin, Zhongya and Wang, Qimin and Anitescu, Cosmin and Sun, Jia and Eshaghi, Mohammad Sadegh and Gu, Yuantong and Feng, Xi-Qiao and Zhuang, Xiaoying and Rabczuk, Timon and Liu, Yinghua},
  year={2024},
  eprint={2410.19843},
  archivePrefix={arXiv},
  primaryClass={eess.SY},
  url={https://arxiv.org/abs/2410.19843}
}

@article{raissi2017physics1,
  title={Physics informed deep learning (part I): Data-driven solutions of nonlinear partial differential equations},
  author={Raissi, Maziar and Perdikaris, Paris and Karniadakis, George Em},
  journal={arXiv preprint arXiv:1711.10561},
  year={2017}
}

@article{antonion2024pikans,
  title={From PINNs to PIKANs: Recent advances in physics-informed machine learning},
  author={Antonion, Juan Diego and Tsai, Richard},
  journal={arXiv preprint arXiv:2410.13228},
  year={2024}
}

@article{chen2024teng,
  title={TENG: Time-evolving natural gradient for solving PDEs with deep neural nets toward machine precision},
  author={Chen, Zhuo and McCarran, Jacob and Vizcaino, Esteban and Soljacic, Marin and Luo, Di},
  journal={Proceedings of the 41st International Conference on Machine Learning},
  year={2024}
}

@article{lee2024anti,
  title={Anti-derivatives approximator for enhancing physics-informed neural networks},
  author={Lee, J},
  journal={Computer Methods in Applied Mechanics and Engineering},
  volume={419},
  pages={116971},
  year={2024},
  publisher={Elsevier}
}

@misc{lee2025github,
  author = {Lee, Wei Shan and Chau, Chi Kiu Althina and Sio, Kei Chon and Leong, Kam Ian},
  title = {{PINN-Euler-Bernoulli-Beam}: Ultra-precision physics-informed neural network implementation},
  year = {2025},
  publisher = {GitHub},
  journal = {GitHub repository},
  howpublished = {\url{https://github.com/weishanlee/PINN-Euler-Bernoulli-Beam}}
}

